@article{ibanez2006antecedents,
  title={Antecedents of customer loyalty in residential energy markets: Service quality, satisfaction, trust and switching costs},
  author={Ib{\'a}{\~n}ez, Vanessa Apaolaza and Hartmann, Patrick and Calvo, Pilar Zorrilla},
  journal={The Service Industries Journal},
  volume={26},
  number={6},
  pages={633--650},
  year={2006},
  publisher={Taylor \& Francis}
}
@article{buckman2018thermometer,
  title={Thermometer encoding: One hot way to resist adversarial examples},
  author={Buckman, Jacob and Roy, Aurko and Raffel, Colin and Goodfellow, Ian},
  year={2018}
}

@article{almeida2014propensao,
  title={Propens{\~a}o do Cliente {\`a} Proposi{\c{c}}{\~a}o de A{\c{c}}{\~o}es Judiciais: Proposi{\c{c}}{\~a}o e Teste de Modelo Preditivo para o Setor de Energia El{\'e}trica},
  author={Almeida, Victor Manoel Cunha de and Figueiredo, Ot{\'a}vio Henrique dos Santos and Silva, Gilberto Figueira da},
  journal={Revista Brasileira de Marketing},
  volume={13},
  number={5},
  pages={01--18},
  year={2014}
}

@article{johnston1999service,
  title={Service recovery strategies for single and double deviation scenarios},
  author={Johnston, Robert and Fern, Adrian},
  journal={Service Industries Journal},
  volume={19},
  number={2},
  pages={69--82},
  year={1999},
  publisher={Taylor \& Francis}
}

@article{francisco2011evaluation,
  title={Evaluation of the customer relationship quality and propensity to change mobile telephone operators},
  author={Francisco-Maffezzolli, Eliane Cristine and Prado, Paulo Henrique Muler and da Silva, Wesley Vieira and Marchetti, Renato Zancan},
  journal={Brazilian Business Review},
  volume={8},
  number={4},
  pages={1--22},
  year={2011}
}

@article{afonso2011relationship,
  title={Relationship marketing in supply chain: an empirical analysis in the Brazilian service sector},
  author={Vieira, Valter Afonso and Monteiro, Plinio RR and Teixeira Veiga, Ricardo},
  journal={Journal of Business \& Industrial Marketing},
  volume={26},
  number={7},
  pages={524--531},
  year={2011},
  publisher={Emerald Group Publishing Limited}
}

@article{siu2013roles,
  title={The roles of justice and customer satisfaction in customer retention: A lesson from service recovery},
  author={Siu, Noel Yee-Man and Zhang, Tracy Jun-Feng and Yau, Cheuk-Ying Jackie},
  journal={Journal of business ethics},
  volume={114},
  number={4},
  pages={675--686},
  year={2013},
  publisher={Springer}
}

@article{marchetti2004avaliaccao,
  title={Avalia{\c{c}}{\~a}o da satisfa{\c{c}}{\~a}o do consumidor utilizando o m{\'e}todo de equa{\c{c}}{\~o}es estruturais: um modelo aplicado ao setor el{\'e}trico brasileiro},
  author={Marchetti, Renato and Prado, Paulo HM},
  journal={Revista de Administra{\c{c}}{\~a}o Contempor{\^a}nea},
  volume={8},
  number={4},
  pages={9--32},
  year={2004},
  publisher={SciELO Brasil}
}
@article{lopes2009comparaccao,
  title={Compara{\c{c}}{\~a}o entre os modelos norteamericano (ACSI) e europeu (ECSI) de satisfa{\c{c}}{\~a}o do cliente: um estudo no setor de servi{\c{c}}os},
  author={Lopes, Humberto Elias Garcia and de Paula Pereira, Camila Cristina and Vieira, Ana Fl{\'a}via Santos},
  journal={Revista de Administra{\c{c}}{\~a}o Mackenzie (Mackenzie Management Review)},
  volume={10},
  number={1},
  year={2009},
  publisher={SciELO Brasil}
}

@article{chandrashekar2014survey,
  title={A survey on feature selection methods},
  author={Chandrashekar, Girish and Sahin, Ferat},
  journal={Computers \& Electrical Engineering},
  volume={40},
  number={1},
  pages={16--28},
  year={2014},
  publisher={Elsevier}
}

@article{guyon2002gene,
  title={Gene selection for cancer classification using support vector machines},
  author={Guyon, Isabelle and Weston, Jason and Barnhill, Stephen and Vapnik, Vladimir},
  journal={Machine learning},
  volume={46},
  number={1-3},
  pages={389--422},
  year={2002},
  publisher={Springer}
}

@inproceedings{chen2016xgboost,
  title={Xgboost: A scalable tree boosting system},
  author={Chen, Tianqi and Guestrin, Carlos},
  booktitle={Proceedings of the 22nd acm sigkdd international conference on knowledge discovery and data mining},
  pages={785--794},
  year={2016},
  organization={ACM}
}

@article{yan2015feature,
  title={Feature selection and analysis on correlated gas sensor data with recursive feature elimination},
  author={Yan, Ke and Zhang, David},
  journal={Sensors and Actuators B: Chemical},
  volume={212},
  pages={353--363},
  year={2015},
  publisher={Elsevier}
}

@article{kennedy2010particle,
  title={Particle swarm optimization},
  author={Kennedy, James},
  journal={Encyclopedia of machine learning},
  pages={760--766},
  year={2010},
  publisher={Springer}
}

@inproceedings{eberhart:95,
  title={Particle swarm optimization},
  author={Eberhart, Russell and Kennedy, James},
  booktitle={Proceedings of the IEEE international conference on neural networks},
  volume={4},
  pages={1942--1948},
  year={1995},
  organization={Citeseer}
}

@article{wang:07,
  title={Feature selection based on rough sets and particle swarm optimization},
  author={Wang, Xiangyang and Yang, Jie and Teng, Xiaolong and Xia, Weijun and Jensen, Richard},
  journal={Pattern recognition letters},
  volume={28},
  number={4},
  pages={459--471},
  year={2007},
  publisher={Elsevier}
}

@article{xue:13,
  title={Particle swarm optimization for feature selection in classification: A multi-objective approach},
  author={Xue, Bing and Zhang, Mengjie and Browne, Will N},
  journal={IEEE transactions on cybernetics},
  volume={43},
  number={6},
  pages={1656--1671},
  year={2013},
  publisher={IEEE}
}

@article{unler:10,
  title={A discrete particle swarm optimization method for feature selection in binary classification problems},
  author={Unler, Alper and Murat, Alper},
  journal={European Journal of Operational Research},
  volume={206},
  number={3},
  pages={528--539},
  year={2010},
  publisher={Elsevier}
}

@article{vieira:13,
  title={Modified binary PSO for feature selection using SVM applied to mortality prediction of septic patients},
  author={Vieira, Susana M and Mendon{\c{c}}a, Lu{\'\i}s F and Farinha, Goncalo J and Sousa, Jo{\~a}o MC},
  journal={Applied Soft Computing},
  volume={13},
  number={8},
  pages={3494--3504},
  year={2013},
  publisher={Elsevier}
}

@article{dash:97,
  title={Feature selection for classification},
  author={Dash, Manoranjan and Liu, Huan},
  journal={Intelligent data analysis},
  volume={1},
  number={1-4},
  pages={131--156},
  year={1997},
  publisher={Elsevier}
}

@article{xue:16,
  title={A survey on evolutionary computation approaches to feature selection},
  author={Xue, Bing and Zhang, Mengjie and Browne, Will N and Yao, Xin},
  journal={IEEE Transactions on Evolutionary Computation},
  volume={20},
  number={4},
  pages={606--626},
  year={2016},
  publisher={IEEE}
}

@article{li:18,
  title={Feature selection: A data perspective},
  author={Li, Jundong and Cheng, Kewei and Wang, Suhang and Morstatter, Fred and Trevino, Robert P and Tang, Jiliang and Liu, Huan},
  journal={ACM Computing Surveys (CSUR)},
  volume={50},
  number={6},
  pages={94},
  year={2018},
  publisher={ACM}
}

@article{Jadhav2011churn,
  title={Churn prediction in telecommunication using data mining technology},
  author={Jadhav, Rahul J and Pawar, Usharani T},
  journal={International Journal of Advanced Computer Science and Applications},
  volume={2},
  number={2},
  year={2011},
  publisher={Citeseer}
}

@article{Amin2017,
title = "Customer churn prediction in the telecommunication sector using a rough set approach",
journal = "Neurocomputing",
volume = "237",
pages = "242 - 254",
year = "2017",
issn = "0925-2312",
doi = "https://doi.org/10.1016/j.neucom.2016.12.009",
url = "http://www.sciencedirect.com/science/article/pii/S0925231216314849",
author = "Adnan Amin and Sajid Anwar and Awais Adnan and Muhammad Nawaz and Khalid Alawfi and Amir Hussain and Kaizhu Huang",
keywords = "Classification, Churn prediction, Data mining, Feature selection, Rough Set theory"
}

@article{Amin2019,
title = "Customer churn prediction in telecommunication industry using data certainty",
journal = "Journal of Business Research",
volume = "94",
pages = "290 - 301",
year = "2019",
issn = "0148-2963",
doi = "https://doi.org/10.1016/j.jbusres.2018.03.003",
url = "http://www.sciencedirect.com/science/article/pii/S0148296318301231",
author = "Adnan Amin and Feras Al-Obeidat and Babar Shah and Awais Adnan and Jonathan Loo and Sajid Anwar",
keywords = "Churn prediction, Uncertain samples, Classification, Telecommunication, Customer churn"
}

@article{Milosevic2017,
title = "Early churn prediction with personalized targeting in mobile social games",
journal = "Expert Systems with Applications",
volume = "83",
pages = "326 - 332",
year = "2017",
issn = "0957-4174",
doi = "https://doi.org/10.1016/j.eswa.2017.04.056",
url = "http://www.sciencedirect.com/science/article/pii/S0957417417303044",
author = "Miloš Milošević and Nenad Živić and Igor Andjelković",
keywords = "Churn prediction, Free to play, Churn prevention, Machine learning, Push notifications, Targeting"
}

@article{He2014,
title = "Prediction of Customer Attrition of Commercial Banks based on SVM Model",
journal = "Procedia Computer Science",
volume = "31",
pages = "423 - 430",
year = "2014",
note = "2nd International Conference on Information Technology and Quantitative Management, ITQM 2014",
issn = "1877-0509",
doi = "https://doi.org/10.1016/j.procs.2014.05.286",
url = "http://www.sciencedirect.com/science/article/pii/S1877050914004633",
author = "Benlan He and Yong Shi and Qian Wan and Xi Zhao",
keywords = "SVM Customer Attrition Prediction Random Sampling"
}

@InProceedings{Schena2016,
author="Schena, Francesco",
editor="Petruzzellis, Luca
and Winer, Russell S.",
title="Predicting Customer Churn in the Insurance Industry: A Data Mining Case Study",
booktitle="Rediscovering the Essentiality of Marketing",
year="2016",
publisher="Springer International Publishing",
address="Cham",
pages="747--751",
isbn="978-3-319-29877-1"
}

@article{amin:17,
  title={Customer churn prediction in the telecommunication sector using a rough set approach},
  author={Amin, Adnan and Anwar, Sajid and Adnan, Awais and Nawaz, Muhammad and Alawfi, Khalid and Hussain, Amir and Huang, Kaizhu},
  journal={Neurocomputing},
  volume={237},
  pages={242--254},
  year={2017},
  publisher={Elsevier}
}

@article{Keramati2016,
  title={Developing a prediction model for customer churn from electronic banking services using data mining},
  author={Keramati, Abbas and Ghaneei, Hajar and Mirmohammadi, Seyed Mohammad},
  journal={Financial Innovation},
  volume={2},
  number={1},
  pages={10},
  year={2016},
  publisher={SpringerOpen}
}

@unpublished{Gerber2018,
  TITLE = {{The impact of churn on client value in health insurance, evaluation using a random forest under random censoring}},
  AUTHOR = {Gerber, Guillaume and Le Faou, Yohann and Lopez, Olivier and Trupin, Michael},
  URL = {https://hal.archives-ouvertes.fr/hal-01807623},
  NOTE = {working paper or preprint},
  YEAR = {2018},
  MONTH = Jun,
  PDF = {https://hal.archives-ouvertes.fr/hal-01807623/file/Article___The_impact_of_churn_on_prospect_value_in_health_insurance__evaluation_using_a_random_forest_under_random_censoring%20%281%29.pdf},
  HAL_ID = {hal-01807623},
  HAL_VERSION = {v1},
}

@article{hochreiter1997long,
  title={Long short-term memory},
  author={Hochreiter, Sepp and Schmidhuber, J{\"u}rgen},
  journal={Neural computation},
  volume={9},
  number={8},
  pages={1735--1780},
  year={1997},
  publisher={MIT Press}
}

@inproceedings{li2015constructing,
  title={Constructing long short-term memory based deep recurrent neural networks for large vocabulary speech recognition},
  author={Li, Xiangang and Wu, Xihong},
  booktitle={2015 IEEE International Conference on Acoustics, Speech and Signal Processing (ICASSP)},
  pages={4520--4524},
  year={2015},
  organization={IEEE}
}


@inproceedings{sak2014long,
  title={Long short-term memory recurrent neural network architectures for large scale acoustic modeling},
  author={Sak, Ha{\c{s}}im and Senior, Andrew and Beaufays, Fran{\c{c}}oise},
  booktitle={Fifteenth annual conference of the international speech communication association},
  year={2014}
}

@article{Kim2017,
    author = {Kim, Seungwook AND Choi, Daeyoung AND Lee, Eunjung AND Rhee, Wonjong},
    journal = {PLOS ONE},
    publisher = {Public Library of Science},
    title = {Churn prediction of mobile and online casual games using play log data},
    year = {2017},
    month = {07},
    volume = {12},
    url = {https://doi.org/10.1371/journal.pone.0180735},
    pages = {1-19},
    number = {7},
    doi = {10.1371/journal.pone.0180735}
}

@book{bowen:12,
  title={Getting started with talend open studio for data integration},
  author={Bowen, Jonathan},
  year={2012},
  publisher={Packt Publishing Ltd}
}